
@misc{mal3,
    author          = "Camilla Staunstrup and Rúni Niclasen and Asger Lundblad",
    title           = "Assignment 3 - Sorting Shakespeare",
    howpublished    = "\url{www.github.com/Hold-Krykke-BA/MAT-AL/tree/main/Assignment3}",
    note            = "Accessed: 2021-04-30"
}

@book{algo,
  title             = {Algorithms, 4th Edition.},
  author            = {Sedgewick, Robert and Wayne, Kevin},
  year              = 2011,
  publisher         = {Addison-Wesley},
}

@misc{tries,
    author          = "Frank Pfenning",
    title           = "Lecture Notes on Tries, 15-122: Principles of Imperative Computation",
    howpublished    = "\url{www.cs.cmu.edu/~fp/courses/15122-f10/lectures/18-tries.pdf}",
    year            = 2010,
    note            = "Accessed: 2021-04-30"
}
    
@misc{umd12,
    author          = "David M. Mount",
    title           = "University of Maryland - CMSC 351 Algorithms Lecture notes 12",
    howpublished    = "\url{https://www.cs.umd.edu/~meesh/351/mount/lectures/lect12-heaps-and-heapsort.pdf}",
    note            = "Accessed: 2021-04-30"
}    

@misc{umd13,
    author          = "David M. Mount",
    title           = "University of Maryland - CMSC 351 Algorithms Lecture notes 13",
    howpublished    = "\url{https://www.cs.umd.edu/~meesh/351/mount/lectures/lect13-heapsort.pdf}",
    note            = "Accessed: 2021-04-30"
} 

@misc{umd14,
    author          = "David M. Mount",
    title           = "University of Maryland - CMSC 351 Algorithms Lecture notes 14",
    howpublished    = "\url{https://www.cs.umd.edu/~meesh/351/mount/lectures/lect14-heapsort-analysis-part.pdf}",
    note            = "Accessed: 2021-04-30"
} 

@misc{sortingAlgo,
    author          = "Preslav Mihaylov",
    title           = "What you don’t know about sorting algorithms",
    howpublished    = "\url{https://pmihaylov.com/sorting-algorithms/}"
}

@misc{sortingAlgo2,
    author          = "Joshycsm",
    title           = "Which Sorting Algorithm Is Best?",
    howpublished    = "\url{https://joshycsm.medium.com/which-sorting-algorithm-is-best-ca83e3cc3ca0}"
}

@misc{bigOgraph,
    author          = "Christopher Webb",
    title           = "Complexity and Big-O Notation In Swift",
    howpublished    = "\url{https://medium.com/journey-of-one-thousand-apps/complexity-and-big-o-notation-in-swift-478a67ba20e7}",
    note            = "Accessed: 2021-05-01"
}


@misc{sesoft,
    author          = "Peter Sestoft",
    title           = "Microbenchmarks in Java and C\# ",
    howpublished    = "\url{https://datsoftlyngby.github.io/soft2021spring/resources/ee799a67-SestoftMicrobenchmarking.pdf}",
    note            = "Accessed: 2021-05-01; Version 0.8.0 of 2015-09-16"
}

@misc{g4g,
    author          = "GeeksForGeeks",
    title           = "Time Complexities of all Sorting Algorithms",
    howpublished    = "\url{https://www.geeksforgeeks.org/time-complexities-of-all-sorting-algorithms/}", 
    note            = "Accessed: 2021-05-04"
}


