@book{bookbib,
  AUTHOR    = {George D. Greenwade},
  PUBLISHER = {yeet},
  TITLE     = {The {C}omprehensive {T}ex {A}rchive {N}etwork ({CTAN})},
  YEAR      = {1993},
  JOURNAL   = {TUGBoat},
  PAGES     = {342--351}
}

@article{articlebib,
  AUTHOR    = {Rabbert Klein},
  TITLE     = {Black Holes and Their Relation to Hiding Eggs},
  JOURNAL   = {Theoretical Easter Physics},
  PUBLISHER = {Eggs Ltd.},
  YEAR      = {2010},
  NOTE      = {(to appear)}
}

@misc{internetbib,
  AUTHOR       = {test},
  TITLE        = {BibTeX documentation},
  HOWPUBLISHED = {\url{https://en.wikibooks.org/wiki/LaTeX/Bibliography\_Management\#BibTeX}},
  NOTE         = {Accessed: 2021-03-10}
}


