
@misc{cph,
  AUTHOR = {Kasper Ã˜sterbye},
  TITLE  = {Letter frequencies},
  NOTE   = {https://github.com/CPHBusinessSoftUFO/letterfrequencies}
}

@misc{sestoft,
  AUTHOR = {Peter Sestoft},
  TITLE  = {Microbenchmarks in Java and C\#},
  NOTE   = {https://datsoftlyngby.github.io/soft2021spring/resources/ee799a67-SestoftMicrobenchmarking.pdf}
}

