
@misc{ufo,
    author    = "Anders Kalhauge and Martin Vestergaard and Dora Dimitrova",
    title     = "Exploration and Presentation - Assignment 2",
    url       = "https://datsoftlyngby.github.io/soft2021spring/resources/b9b83b72-assignment-02.pdf",
    note      = "Accessed: 2021-02-25"
}

@misc{cph,
    author    = "Lars Bogetoft and Kirsten Ringgård and Ole Gram-Olesen",
    title     = "Studieordning for professionsbacheloruddannelsen i softwareudvikling - Godkendt den 25. august 2017",
    note      = "Accessed: 2021-03-08"
}

@misc{bek,
    author    = "{Uddannelses- og Forskningsministeriet}",
    title     = "BEK nr 1162 af 10/07/2020 - Bekendtgørelse om tekniske og merkantile erhvervsakademiuddannelser og professionsbacheloruddannelser",
    url       = "https://www.retsinformation.dk/eli/lta/2020/1162",
    note      = "Accessed: 2021-03-08"
}

@misc{nek,
    author    = "{Danske Erhvervsakademier}",
    title     = "Studieordning Professionsbachelor i softwareudvikling National del",
    url       = "https://dkea.dk/sites/danskeerhvervsakademier.dk/files/media/document/Softwareudvikling.pdf",
    note      = "Accessed: 2021-03-08"
}

@misc{pdf,
    author    = "{SOFT instructors}",
    title     = "Bachelor project",
    url       = "https://datsoftlyngby.github.io/soft2020fall/resources/bbe51cf2-bachelorProject.pdf",
    note      = "Accessed: 2021-03-08"
}

@misc{sli,
    title     = "Bachelor Project Kick-off Fall 2020",
    url       = "https://datsoftlyngby.github.io/soft2020fall/resources/639f51ca-BAP-Kick-off-2020-fall.pdf",
    note      = "Accessed: 2021-03-08"
}