@misc{cphCurriculum,
  AUTHOR       = {Lars Bogetoft and Kirsten Ringgård and Ole Gram-Olesen},
  TITLE        = {Curriculum for the Bachelor’s Degree Programme in Software Development},
  NOTE         = {Accessed: 2021-03-11},
  YEAR         = {2017},
  MONTH        = {8},
  HOWPUBLISHED = {\url{https://www.cphbusiness.dk/media/78342/pba_soft_cba_curriculum_2017.pdf}}
}

@misc{retsinf_1162,
  AUTHOR       = {{Uddannelses- og Forskningsministeriet}},
  YEAR         = {2020},
  MONTH        = {7},
  TITLE        = {BEK nr 1162 af 10/07/2020 - Bekendtgørelse om tekniske og merkantile erhvervsakademiuddannelser og professionsbacheloruddannelser},
  URL          = {https://www.retsinformation.dk/eli/lta/2020/1162},
  HOWPUBLISHED = {\url{https://www.retsinformation.dk/eli/lta/2020/1162}},
  NOTE         = {Accessed: 2021-03-11}
}

@misc{retsinf_18,
  AUTHOR       = {{Uddannelses- og Forskningsministeriet}},
  YEAR         = {2020},
  MONTH        = {1},
  TITLE        = {BEK nr 18 af 09/01/2020 - Bekendtgørelse om prøver i erhvervsrettede videregående uddannelser (eksamensbekendtgørelsen)},
  URL          = {https://www.retsinformation.dk/eli/lta/2020/18},
  HOWPUBLISHED = {\url{https://www.retsinformation.dk/eli/lta/2020/18}},
  NOTE         = {Accessed: 2021-03-11}
}


@misc{deaCurriculum,
  AUTHOR       = {{Danske Erhvervsakademier}},
  TITLE        = {Studieordning Professionsbachelor i softwareudvikling National del},
  YEAR         = {2017},
  MONTH        = {9},
  HOWPUBLISHED = {\url{https://dkea.dk/sites/danskeerhvervsakademier.dk/files/media/document/Softwareudvikling.pdf}},
  URL          = {https://dkea.dk/sites/danskeerhvervsakademier.dk/files/media/document/Softwareudvikling.pdf},
  NOTE         = {Accessed: 2021-03-11}
}

@misc{pdf_kickoff_2020,
  AUTHOR       = {{SOFT instructors}},
  MONTH        = {11},
  YEAR         = {2020},
  TITLE        = {Bachelor project},
  URL          = {https://datsoftlyngby.github.io/soft2020fall/resources/bbe51cf2-bachelorProject.pdf},
  HOWPUBLISHED = {\url{https://datsoftlyngby.github.io/soft2020fall/resources/bbe51cf2-bachelorProject.pdf}},
  NOTE         = {Accessed: 2021-03-12}
}

@misc{kickoffSlides,
  AUTHOR = {{Cphbusiness}},
  TITLE  = {Bachelor Project Kick-off Fall 2020},
  YEAR   = {2020},
  URL    = {https://datsoftlyngby.github.io/soft2020fall/resources/639f51ca-BAP-Kick-off-2020-fall.pdf},
  NOTE   = {Accessed: 2021-03-12}
}