
@article{einstein,
    author =       "Albert Einstein",
    title =        "{Zur Elektrodynamik bewegter K{\"o}rper}. ({German})
    [{On} the electrodynamics of moving bodies]",
    journal =      "Annalen der Physik",
    volume =       "322",
    number =       "10",
    pages =        "891--921",
    year =         "1905",
    DOI =          "http://dx.doi.org/10.1002/andp.19053221004",
}

@misc{menabrea,
  title={Sketch of the analytical engine invented by Charles Babbage},
  author={Menabrea, Luigi Federico and Lovelace, Ada},
  year={1842}
}

@misc{edsm,
  title = {{Elite Dangerous Star Map, Galactic Mapping}},
  howpublished = {\url{https://www.edsm.net/en/galactic-mapping}},
  note = {Accessed: 2021-02-24}
}

